
@misc{Jacobs,
	Author = {J.G.C.C Jacobs},
	Title = {Nuclear Short Sea Shipping: The integration of a Helium cooled reactor in a 800 TEU Container Feeder},
	Year = {2007}
}
	
%jacobs proposes a prismatic TRISO with He-cooling for shipping in the North Sea, includes detailed speculation regarding support systems (buoyancy, refueling, etc)

@misc{Hirdaris,
	Author = {S.E. Hirdaris and Y.F. Cheng and P. Shallcross and J. Bonafoux and D. Carlson and B. Prince and G.A. Sarris},
	Title = {Considerations on the potential use of Nuclear Small Modular Reactor (SMR) technology for merchant marine propulsion},
	Year = {2013},
	Publisher = {Lloyd's Review}
}

%broad discussion of marine nuke tech with specific analysis of an SMR on a suexmax oil tanker 

@misc{Holtec,
	Author = {Joy R. Russell},
	Title = {Holtec International Response to the DOE RFI},
	Year = {2017}
}

%PPP financing details

@article{Carlton,
	Author = {JS Carlton and R Smart and V Jenkins},
	Title = {The nuclear propulsion of merchant ships: Aspects of engineering, science and technology},
	Year = {2011},
	journal = {Journal of Marine Engineering and Technology}
}

%very useful look at safety criteria, materials response to radiation, refuelling, vibration, etc with special attention to container ship and oil tankers

@article{alekseev,
	Author = {P.N. Alekseev and N. E. Kukharkin and Yu. N. Udyanskii and T. D. Shchepetina and I. A. Belov and S. A. Subbotin and A. A. Sedov, A. A. Dudnikov and M. M. Kashka and V. V. Bashaev},
	Title = {ADVANCED NUCLEAR POWER SYSTEMS WITH MICROPELLETED FUEL FOR NUCLEAR-POWERED SHIPS},
	Year = {2005},
	journal = {Atomic Energy Voll 99 No. 1}
}

%proposes graphite moderated reactor w gas-turbine system for icebreaker

@misc{gravina,
	Author = {Jonathon Gravina and James Blake and Ajit Shenoi and Stephen Turnock and Spyros Hirdaris},
	Title = {CONCEPTS FOR A MODULAR NUCLEAR POWERED CONTAINERSHIP},
	Year = {2013},
	publisher = {University of Southampton}
}

%Proposes a modular system in which the nuclear part can uncouple from the container part of the ship so the nuclear power does not limit the entry of the ship into various ports

@misc{han,
	Author = {Wei-shi Han and Tan Liu},
	Title = {A new marine propulsion system},
	Year = {2003},
	Publisher = {Harbin Engineering University}
}

%proposes a novel system with thermionic heat generators and water jets for propulsion

@misc{iaea,
	Author = {M. Hussain and F. Reitsma and M. H. Subki and H. Kiuchi},
	Title = {Advances in Small Modular Reactor Technology Developments},
	Year = {2018},
	publisher = {iaea}
}

%big helpful list of SMR state of the art

@misc{jaea,
	Author = {JAEA},
	Title = {Japan Atomic Energy Agency Nuclear Data Center},
	Year = {2018},
	Publisher = {Japan Atomic Energy Agency}
}

%cross section data

@misc{ONPP,
	Author = {Kang-Heon Lee and Min-Gil Kim and Jeong Ik Lee and Phill-Seung Lee },
	Title = {Recent Advances in Ocean Nuclear Power Plants},
	Year = {2015}
}   

%put a concise description here	

@misc{KLT,
	Author = {IAEA Advanced Reactors Information System},
	Title = {KLT-40S},
	Year = {2013},
	publisher = {IAEA}
}

%put a concise description here	

@misc{OFNP,
	Author = {Jacob M. Jurewicz},
	Title = {Design and Construction of an
Offshore Floating Nuclear Power Plant},
	Year = {2015},
	publisher = {MIT}
}

%put a concise description here	
	
@misc{ragheb_pres,
	Author = {Monish Singh and Magdi Ragheb},
	Title = {Fail-Safe Source Driven Thorium Reactors},
	Year = {2013}
}

%presentation showing ragheb and his grads students idea for the reactor, only contains cylindrical derivation 

@misc{heuser_burnup,
	Author = {Brent Heuser},
	Title = {Nuclear Fuel Burnup Units},
	Year = {2018}
}

% burnup page we got in 431, helps determine the burnup of a reactor given enrichment and shows steps

@misc{ragheb_code,
	Author = {Magdi Ragheb},
	Title = {Multiregion One-dimensional One-group Diffusion Theory Criticality Code},
	Year = {2007}
}

% actual code for raghebs reactor

@misc{cyl_derivation,
	Author = {Magdi Ragheb},
	Title = {One Group Reactor Theory},
	Year = {2015}
}

% shows the cylindrical derivation for raghebs reactor, definitely the better choice over the presentation document if you need information about the concept

@misc{LBE_properties,
	Author = {OECD},
	Title = {Handbook on Lead-Bismuth Eutectic Alloy and Lead Properties, Materials Compatibility, Thermal Hydraulics, and Technologies},
	Year = {2015},
	Publisher = {Office of Economic Cooperation and Development}
}
% properties of lead-bismuth

@misc{historic_ships,
	Author = {Kenn Steger-Jensen},
	Title = {Nuclear propulsion in ocean merchant shipping: The role of historical
experiments to gain insight into possible future applications Thermal Hydraulics, and Technologies},
	Year = {2016},
	Publisher = {Journal of Cleaner Production}
}
% history of the four commercial nuclear ships

@misc{Corrosion_LBE,
	Author = {Mathias Hareland},
	Title = {Conquer Corrosion: Key issues of the lead-cooled fast reactor design},
	Year = {2011},
	Publisher = {Vattenfall Research and Development}
}
% talks about how LBE will corrode various steel in fast reactor design

@misc{navy_exposure,
	Author = {Mathias Hareland},
	Title = { OCCUPATIONAL RADIATION EXPOSURE FROM U.S. NAVAL NUCLEAR PLANTS AND THEIR SUPPORT FACILITIES },
	Year = {2018},
	Publisher = {Department of the Navy}
}

@misc{bio_shield,
	Author = {D.L Broder, K.K. Popkov, and S.M. Rubanov},
	Title = { Biological Shielding of Maritime Reactors },
	Year = {1964},
	Publisher = {National Science Foundation}
}


@misc{propul,
	Author = {MAN Diesel & Turbo},
	Title = {Propulsion Trends in Container Vessels},
	Year = {2013}
}

@misc{inherenty_safe,
    Author = {M Ragheb},
    Title = {INHERENTLY SAFE REACTORS DESIGNS},
    Year = {2015}
}

@misc{ebr2,
    Author = {Stanley H FISTEDIS},
    Title = {The Experimental Breeder Reactor-II Inherent safety demonstration},
    Publisher = {Argonne National Laboratory},
    Year = {1987}
}

@misc{wirtz,
    Author = {Karl Wirtz},
    Title = {Lectures on Fast Reactors},
    Year = {1973}
}