
@misc{Jacobs,
	Author = {J.G.C.C Jacobs},
	Title = {Nuclear Short Sea Shipping: The integration of a Helium cooled reactor in a 800 TEU Container Feeder},
	Year = {2007}
}
	
%jacobs proposes a prismatic TRISO with He-cooling for shipping in the North Sea, includes detailed speculation regarding support systems (buoyancy, refueling, etc)

@misc{Hirdaris,
	Author = {S.E. Hirdaris and Y.F. Cheng and P. Shallcross and J. Bonafoux and D. Carlson and B. Prince and G.A. Sarris},
	Title = {Considerations on the potential use of Nuclear Small Modular Reactor (SMR) technology for merchant marine propulsion},
	Year = {2013},
	Publisher = {Lloyd's Review}
}

%broad discussion of marine nuke tech with specific analysis of an SMR on a suexmax oil tanker 

@misc{Holtec,
	Author = {Joy R. Russell},
	Title = {Holtec International Response to the DOE RFI},
	Year = {2017}
}

%PPP financing details

@article{Carlton,
	Author = {JS Carlton and R Smart and V Jenkins},
	Title = {The nuclear propulsion of merchant ships: Aspects of engineering, science and technology},
	Year = {2011},
	journal = {Journal of Marine Engineering and Technology}
}

%very useful look at safety criteria, materials response to radiation, refuelling, vibration, etc with special attention to container ship and oil tankers

@article{alekseev,
	Author = {P.N. Alekseev and N. E. Kukharkin and Yu. N. Udyanskii and T. D. Shchepetina and I. A. Belov and S. A. Subbotin and A. A. Sedov, A. A. Dudnikov and M. M. Kashka and V. V. Bashaev},
	Title = {ADVANCED NUCLEAR POWER SYSTEMS WITH MICROPELLETED FUEL FOR NUCLEAR-POWERED SHIPS},
	Year = {2005},
	journal = {Atomic Energy Voll 99 No. 1}
}

%proposes graphite moderated reactor w gas-turbine system for icebreaker

@misc{gravina,
	Author = {Jonathon Gravina and James Blake and Ajit Shenoi and Stephen Turnock and Spyros Hirdaris},
	Title = {CONCEPTS FOR A MODULAR NUCLEAR POWERED CONTAINERSHIP},
	Year = {2013},
	publisher = {University of Southampton}
}

%Proposes a modular system in which the nuclear part can uncouple from the container part of the ship so the nuclear power does not limit the entry of the ship into various ports

@misc{han,
	Author = {Wei-shi Han and Tan Liu},
	Title = {A new marine propulsion system},
	Year = {2003},
	Publisher = {Harbin Engineering University}
}

%proposes a novel system with thermionic heat generators and water jets for propulsion

@misc{iaea,
	Author = {M. Hussain and F. Reitsma and M. H. Subki and H. Kiuchi},
	Title = {Advances in Small Modular Reactor Technology Developments},
	Year = {2018},
	publisher = {iaea}
}

%big helpful list of SMR state of the art

@misc{jaea,
	Author = {JAEA},
	Title = {Japan Atomic Energy Agency Nuclear Data Center},
	Year = {2018},
	Publisher = {Japan Atomic Energy Agency}
}

%cross section data